@inproceedings{satoh2004color,
  title={A color-based tracking by kalman particle filter},
  author={Satoh, Yoshinori and Okatani, Takayuki and Deguchi, Koichiro},
  booktitle={Pattern Recognition, 2004. ICPR 2004. Proceedings of the 17th International Conference on},
  volume={3},
  pages={502--505},
  year={2004},
  organization={IEEE}
}

@article{nummiaro2003adaptive,
  title={An adaptive color-based particle filter},
  author={Nummiaro, Katja and Koller-Meier, Esther and Van Gool, Luc},
  journal={Image and vision computing},
  volume={21},
  number={1},
  pages={99--110},
  year={2003},
  publisher={Elsevier}
}
